@article{singh2019abstract,
  title={An abstract domain for certifying neural networks},
  author={Singh, Gagandeep and Gehr, Timon and P{\"u}schel, Markus and Vechev, Martin},
  journal={Proceedings of the ACM on Programming Languages},
  volume={3},
  number={POPL},
  pages={1--30},
  year={2019},
  publisher={ACM New York, NY, USA}
}

@inproceedings{yang2021improving,
  title={Improving neural network verification through spurious region guided refinement},
  author={Yang, Pengfei and Li, Renjue and Li, Jianlin and Huang, Cheng-Chao and Wang, Jingyi and Sun, Jun and Xue, Bai and Zhang, Lijun},
  booktitle={International Conference on Tools and Algorithms for the Construction and Analysis of Systems},
  pages={389--408},
  year={2021},
  organization={Springer}
}

@article{singh2019beyond,
  title={Beyond the single neuron convex barrier for neural network certification},
  author={Singh, Gagandeep and Ganvir, Rupanshu and P{\"u}schel, Markus and Vechev, Martin},
  journal={Advances in Neural Information Processing Systems},
  volume={32},
  year={2019}
}

@inproceedings{elboher2020abstraction,
  title={An abstraction-based framework for neural network verification},
  author={Elboher, Yizhak Yisrael and Gottschlich, Justin and Katz, Guy},
  booktitle={International Conference on Computer Aided Verification},
  pages={43--65},
  year={2020},
  organization={Springer}
}

@article{liu2022abstraction,
  title={Abstraction and Refinement: Towards Scalable and Exact Verification of Neural Networks},
  author={Liu, Jiaxiang and Xing, Yunhan and Shi, Xiaomu and Song, Fu and Xu, Zhiwu and Ming, Zhong},
  journal={arXiv preprint arXiv:2207.00759},
  year={2022}
}

@article{elboher2022neural,
  title={Neural Network Verification using Residual Reasoning},
  author={Elboher, Yizhak Yisrael and Cohen, Elazar and Katz, Guy},
  journal={arXiv preprint arXiv:2208.03083},
  year={2022}
}

@inproceedings{cousot1977abstract,
  title={Abstract interpretation: a unified lattice model for static analysis of programs by construction or approximation of fixpoints},
  author={Cousot, Patrick and Cousot, Radhia},
  booktitle={Proceedings of the 4th ACM SIGACT-SIGPLAN symposium on Principles of programming languages},
  pages={238--252},
  year={1977}
}

@inproceedings{cousot1978automatic,
  title={Automatic discovery of linear restraints among variables of a program},
  author={Cousot, Patrick and Halbwachs, Nicolas},
  booktitle={Proceedings of the 5th ACM SIGACT-SIGPLAN symposium on Principles of programming languages},
  pages={84--96},
  year={1978}
}

@article{deng2012mnist,
  title={The mnist database of handwritten digit images for machine learning research [best of the web]},
  author={Deng, Li},
  journal={IEEE signal processing magazine},
  volume={29},
  number={6},
  pages={141--142},
  year={2012},
  publisher={IEEE}
}

@inproceedings{dong2018boosting,
  title={Boosting adversarial attacks with momentum},
  author={Dong, Yinpeng and Liao, Fangzhou and Pang, Tianyu and Su, Hang and Zhu, Jun and Hu, Xiaolin and Li, Jianguo},
  booktitle={Proceedings of the IEEE conference on computer vision and pattern recognition},
  pages={9185--9193},
  year={2018}
}

@inproceedings{mirman2018differentiable,
  title={Differentiable abstract interpretation for provably robust neural networks},
  author={Mirman, Matthew and Gehr, Timon and Vechev, Martin},
  booktitle={International Conference on Machine Learning},
  pages={3578--3586},
  year={2018},
  organization={PMLR}
}

@inproceedings{lin2020art,
  title={ART: abstraction refinement-guided training for provably correct neural networks},
  author={Lin, Xuankang and Zhu, He and Samanta, Roopsha and Jagannathan, Suresh},
  booktitle={\# PLACEHOLDER\_PARENT\_METADATA\_VALUE\#},
  volume={1},
  pages={148--157},
  year={2020},
  organization={TU Wien Academic Press}
}




@article{lomuscio2017approach,
  title={An approach to reachability analysis for feed-forward relu neural networks},
  author={Lomuscio, Alessio and Maganti, Lalit},
  journal={arXiv preprint arXiv:1706.07351},
  year={2017}
}

@article{fischetti2018deep,
  title={Deep neural networks and mixed integer linear optimization},
  author={Fischetti, Matteo and Jo, Jason},
  journal={Constraints},
  volume={23},
  number={3},
  pages={296--309},
  year={2018},
  publisher={Springer}
}

@inproceedings{dutta2018output,
  title={Output range analysis for deep feedforward neural networks},
  author={Dutta, Souradeep and Jha, Susmit and Sankaranarayanan, Sriram and Tiwari, Ashish},
  booktitle={NASA Formal Methods Symposium},
  pages={121--138},
  year={2018},
  organization={Springer}
}

@inproceedings{cheng2017maximum,
  title={Maximum resilience of artificial neural networks},
  author={Cheng, Chih-Hong and N{\"u}hrenberg, Georg and Ruess, Harald},
  booktitle={International Symposium on Automated Technology for Verification and Analysis},
  pages={251--268},
  year={2017},
  organization={Springer}
}

@inproceedings{katz2017reluplex,
  title={Reluplex: An efficient SMT solver for verifying deep neural networks},
  author={Katz, Guy and Barrett, Clark and Dill, David L and Julian, Kyle and Kochenderfer, Mykel J},
  booktitle={International conference on computer aided verification},
  pages={97--117},
  year={2017},
  organization={Springer}
}

@inproceedings{katz2019marabou,
  title={The marabou framework for verification and analysis of deep neural networks},
  author={Katz, Guy and Huang, Derek A and Ibeling, Duligur and Julian, Kyle and Lazarus, Christopher and Lim, Rachel and Shah, Parth and Thakoor, Shantanu and Wu, Haoze and Zelji{\'c}, Aleksandar and others},
  booktitle={International Conference on Computer Aided Verification},
  pages={443--452},
  year={2019},
  organization={Springer}
}

@inproceedings{ehlers2017formal,
  title={Formal verification of piece-wise linear feed-forward neural networks},
  author={Ehlers, Ruediger},
  booktitle={International Symposium on Automated Technology for Verification and Analysis},
  pages={269--286},
  year={2017},
  organization={Springer}
}

@inproceedings{huang2017safety,
  title={Safety verification of deep neural networks},
  author={Huang, Xiaowei and Kwiatkowska, Marta and Wang, Sen and Wu, Min},
  booktitle={International conference on computer aided verification},
  pages={3--29},
  year={2017},
  organization={Springer}
}

@article{wang2021beta,
  title={Beta-crown: Efficient bound propagation with per-neuron split constraints for neural network robustness verification},
  author={Wang, Shiqi and Zhang, Huan and Xu, Kaidi and Lin, Xue and Jana, Suman and Hsieh, Cho-Jui and Kolter, J Zico},
  journal={Advances in Neural Information Processing Systems},
  volume={34},
  pages={29909--29921},
  year={2021}
}

@article{xu2020fast,
  title={Fast and complete: Enabling complete neural network verification with rapid and massively parallel incomplete verifiers},
  author={Xu, Kaidi and Zhang, Huan and Wang, Shiqi and Wang, Yihan and Jana, Suman and Lin, Xue and Hsieh, Cho-Jui},
  journal={arXiv preprint arXiv:2011.13824},
  year={2020}
}

@article{zhang2022general,
  title={General Cutting Planes for Bound-Propagation-Based Neural Network Verification},
  author={Zhang, Huan and Wang, Shiqi and Xu, Kaidi and Li, Linyi and Li, Bo and Jana, Suman and Hsieh, Cho-Jui and Kolter, J Zico},
  journal={arXiv preprint arXiv:2208.05740},
  year={2022}
}





@inproceedings{dvijotham2018dual,
  title={A Dual Approach to Scalable Verification of Deep Networks.},
  author={Dvijotham, Krishnamurthy and Stanforth, Robert and Gowal, Sven and Mann, Timothy A and Kohli, Pushmeet},
  booktitle={UAI},
  volume={1},
  number={2},
  pages={3},
  year={2018}
}

@inproceedings{gehr2018ai2,
  title={Ai2: Safety and robustness certification of neural networks with abstract interpretation},
  author={Gehr, Timon and Mirman, Matthew and Drachsler-Cohen, Dana and Tsankov, Petar and Chaudhuri, Swarat and Vechev, Martin},
  booktitle={2018 IEEE symposium on security and privacy (SP)},
  pages={3--18},
  year={2018},
  organization={IEEE}
}

@article{singh2018fast,
  title={Fast and effective robustness certification},
  author={Singh, Gagandeep and Gehr, Timon and Mirman, Matthew and P{\"u}schel, Markus and Vechev, Martin},
  journal={Advances in neural information processing systems},
  volume={31},
  year={2018}
}

@inproceedings{singh2018boosting,
  title={Boosting robustness certification of neural networks},
  author={Singh, Gagandeep and Gehr, Timon and P{\"u}schel, Markus and Vechev, Martin},
  booktitle={International Conference on Learning Representations},
  year={2018}
}

@inproceedings{weng2018towards,
  title={Towards fast computation of certified robustness for relu networks},
  author={Weng, Lily and Zhang, Huan and Chen, Hongge and Song, Zhao and Hsieh, Cho-Jui and Daniel, Luca and Boning, Duane and Dhillon, Inderjit},
  booktitle={International Conference on Machine Learning},
  pages={5276--5285},
  year={2018},
  organization={PMLR}
}

@inproceedings{wong2018provable,
  title={Provable defenses against adversarial examples via the convex outer adversarial polytope},
  author={Wong, Eric and Kolter, Zico},
  booktitle={International Conference on Machine Learning},
  pages={5286--5295},
  year={2018},
  organization={PMLR}
}

@article{zhang2018efficient,
  title={Efficient neural network robustness certification with general activation functions},
  author={Zhang, Huan and Weng, Tsui-Wei and Chen, Pin-Yu and Hsieh, Cho-Jui and Daniel, Luca},
  journal={Advances in neural information processing systems},
  volume={31},
  year={2018}
}






















@article{gurobioptimizer,
url  ={https://www.gurobi.com/},
title = {Gurobi optimizer},
author = {A},
year = {2020}
}

@incollection{alphabetacrown,
year={2021},
booktitle={VNNCOMP21},
title={$\alpha,\beta$-CROWN},
url={https://github.com/huanzhang12/alpha-beta-CROWN}
}

@incollection{ovaltool,
year={2021},
booktitle={VNNCOMP21},
title={OVAL},
url={https://github.com/oval-group/oval-bab}
}



